%Universität Rostock Fakultät für Maschinenbau und Schiffstechnik Ship dynamics in waves Prof. Dr.- Ing. Nikolai Kornev Rostock 11 

@manual{Kornev,
  author       = {KORNEV, N.},
  title        = {Ship dynamics in waves},
  organization = {Universität Rostock},
  year         = {2012},
  address      = {Rostock}
}

%Theoretical Manual of “SEAWAY for Windows” TUD Report No. 1370 J.M.J. Journée and L.J.M. Adegeest Revision: 14-12-2003 

%Journée J.M.J. and Adegeest L.J.M., 2003, Theoretical Manual of “SEAWAY for Windows, TUD Report No. 1370 Revision: 14-12-2003.

@techreport{Seaway2015,
    author = {JOURNEE, J.M.J. and ADEGEEST, L.J.M.},
    year = {2003},
    institution = {TU Delft},
    number = {1370},
    url = {http://resolver.tudelft.nl/uuid:011efdf6-1128-408e-ad80-7493013d303b},
    title = {Theoretical Manual of “SEAWAY for Windows}
} 

%Sea Loads on Ships and Offshore Structures. Front Cover · O. Faltinsen. Cambridge University Press, Sep 23, 1993 - Technology & Engineering - 328 pages. 

@book{faltinsen1993,
  author={FALTINSEN, O.},
  title={Sea Loads on Ships and Offshore Structures},
  pages={328},
  isbn={9780521458702},
  lccn={90043346},
  series={Cambridge Ocean Technology Series},
  year={1993},
  publisher={Cambridge University Press}
}
 

%Falzarano, Jeffrey, Somayajula, Abhilash, and Seah, Robert. “An Overview of the Prediction Methods for Roll Damping of Ships.” Ocean Systems Engineering 5, no. 2 (June 25, 2015): 55–76. doi:10.12989/OSE.2015.5.2.055. 

@article{Falzarano2015,
    author = {FALZARANO, J. and SOMAYAJULA, A. and SEAH, R.},
    year = {2015},
    month = {05},
    pages = {55-76},
    title = {An Overview of the Prediction Methods for Roll Damping of Ships},
    volume = {5},
    journal = {Ocean Systems Engineering},
    doi = {10.12989/ose.2015.5.2.055}
}

%Hydrodynamique des structures offshore. Couverture · Bernard Molin. Editions TECHNIP, 2002 - 415 pages. 

@book{Molin2002,
    author = {MOLIN, B.},
    year = {2002},
    publisher      = {Editions TECHNIP},
    pages = {415},
    title = {Hydrodynamique des Structures Offshore}
}

%Ikeda, Y., Himeno, Y. and Tanaka, N. (1978), A Prediction Method for Ship Roll Damping, Osaka. 

 
%Kawahara Y., Maekawa K., Ikeda Y. (2011) A Simple Prediction Formula of Roll Damping of Conventional Cargo Ships on the Basis of Ikeda’s Method and Its Limitation. In: Almeida Santos Neves M., Belenky V., de Kat J., Spyrou K., Umeda N. (eds) Contemporary Ideas on Ship Stability and Capsizing in Waves. Fluid Mechanics and Its Applications, vol 97. Springer, Dordrecht. https://doi.org/10.1007/978-94-007-1482-3_26  

@Inbook{Kawahara2011,
    author="KAWAHARA, Y.
    and MAEKAWA, K.
    and IKEDA, Y.",
    editor="ALMEIDA SANTOS NEVES, M.
    and BELENKY, V.L.
    and DE KAT, J.O.
    and SPYROU, K.
    and UMEDA, N.",
    title="A Simple Prediction Formula of Roll Damping of Conventional Cargo Ships on the Basis of Ikeda's Method and Its Limitation",
    bookTitle="Contemporary Ideas on Ship Stability and Capsizing in Waves",
    year="2011",
    publisher="Springer Netherlands",
    address="Dordrecht",
    pages="465--486",
    isbn="978-94-007-1482-3",
    doi="10.1007/978-94-007-1482-3_26",
    url="https://doi.org/10.1007/978-94-007-1482-3_26"
}

@inproceedings{Irkal2014,
    author = {IRKAL, M. and SEENINAIDU, N. and BHATTACHARYA, S.},
    year = {2014},
    month = {12},
    address         = {Chennai, India},
    publisher       = {10th International Conference on Computational and Experimental Marine Hydrodynamics 2014},
    title = {Experimental and CFD simulation of roll motion of ship with bilge keel}
}

@article{Yang2012,
    author = {BO, Y. and ZUO-CHAO, W. and MING, W.},
    year = {2012},
    month = {12},
    pages = {14–18},
    title = {Numerical Simulation of Naval Ship's Roll Damping Based on CFD},
    volume = {37},
    journal = {Procedia Engineering},
    doi = {10.1016/j.proeng.2012.04.194}
}

@article{KIANEJAD2019,
    author = {KIANEJAD, S.S. et al.},
    year = {2019},
    month = {6},
    pages = {108-122},
    title = {Ship Roll Damping Coefficient Prediction Using CFD},
    volume = {63},
    number          = {2},
    journal = {Journal of Ship Research},
    doi = {10.5957/JOSR.09180061}
}

@inproceedings{Tan2018,
    author = {TAN, J.H. and TENG, Y.J. and KIM, J.W. and SINHA, S.K.},    
    month = {3},
    adress = {Kuala Lumpur, Malaysia},
    title = {CFD Simulation of Roll Damping of a New-Build Barge-Shaped FPSO Vessel with Bilge Keels},
    publisher       = {Offshore Technology Conference Asia},
    doi = {https://doi.org/10.4043/28328-MS}
}

%R. Peri , M. Abdel-Maksoud. 2017. Analytical Prediction of Reflection Coefficients for Wave Absorbing Layers in Flow Simulations of Regular Free-Surface Waves. Ocean Engineering 147:132-147

@article{Peri2017,
    author = {PERI, R. and ABDEL-MAKSOUD, M.},
    year = {2017},
    pages = {132-147},
    title = {Analytical Prediction of Reflection Coefficients for Wave Absorbing Layers in Flow Simulations of Regular Free-Surface Waves},
    volume = {147},
    journal = {Ocean Engineering}
}

%Kim, J. W., O Sullivan, J., & Read, A., 2012. "Ringing Analysis on a Vertical Cylinder by Euler Overlay Method", OMAE2012-84091.

@article{Kim2012,
    author = {KIM, J.W. and O'sullivan, J. and READ, A.},
    year = {2012},
    pages = {855-866},
    number = {OMAE2012-84091},
    title = {Ringing Analysis on a Vertical Cylinder by Euler Overlay Method},
    journal = {Ocean Engineering},
    doi = {https://doi.org/10.1115/OMAE2012-84091}
}

@phdthesis{Nguyen,
  author      = {NGUYEN, V.-L.},
  title       = {Modélisation numérique du comportement hydromécanique des milieux poreux fracturés : analyse des conditions de propagation des fractures},
  school      = {Université Paris-Est},
  year        = {2015},
  pages       = {190}
}

@book{Coussy,
  author         = {COUSSY, O.},
  editor         = {},
  title          = {Poromechanics.},
  publisher      = {John Wiley \& Sons},
  address       = {England},
  year           = {2004},
  pages          = {315}
}

@book{Unger,
  author         = {UNGER, D.J.},
  editor         = {},
  title          = {Analytical fracture mechanics.},
  publisher      = {Academic Press},
  location       = {London},
  year           = {2004},
  pages          = {315},
}

@article{gmsh,
  author          = {GEUZAINE, C., REMACLE J.-F.},
  title           = {Gmsh: a three-dimensional finite element mesh generator with built-in pre- and post-processing facilities},
  journal         = {International Journal for Numerical Methods in Engineering},
  volume          = {79},
  number          = {11},
  pages       = {1309--1331},
  year            = {2009}
}

@misc{bil,
  author       = {DANGLA, P.},
  title        = {Bil-2.6 A modeling platform based on finite volume/element methods (v2.6)},
  howpublished = {Zenodo},
  year         = {2018},
  doi         = {https://doi.org/10.5281/zenodo.1419841},
}

@article{freefem,
  author          = {HECHT, F},
  title           = {New development in FreeFem++},
  journal         = {Journal of numerical mathematics},
  volume          = {20},
  number          = {3--4},
  year            = {2012},
  pages       = {251--266}
}

@article{BRUNO2020724,
  title = {Return-mapping algorithms for associative isotropic hardening plasticity using conic optimization},
  journal = {Applied Mathematical Modelling},
  volume = {78},
  pages = {724-748},
  year = {2020},
  issn = {0307-904X},
  author = {Hugo Bruno and Guilherme Barros and Ivan F.M. Menezes and Luiz Fernando Martha}
}



@article{BasixJoss,
  title     = {Basix: a runtime finite element basis evaluation library},
  author    = {Scroggs, M. W. and Baratta, I. A. and Richardson, C. N. and Wells, G. N.},
  journal   = {Journal of Open Source Software},
  year      = {2022},
  volume    = {7},
  number    = {73},
  pages     = {3982}
}

@book{LoggEtal2012,
  title     = {Automated Solution of Differential Equations by the Finite Element Method},
  author    = {Logg, A. and Mardal, K.-A. and Wells, G. N.},
  year      = {2012},
  publisher = {Springer},
}

@article{UFL2014,
  author = {Aln\ae{}s, Martin S. and Logg, Anders and \O{}lgaard, Kristian B. and Rognes, Marie E. and Wells, Garth N.},
  title = {Unified Form Language: A Domain-Specific Language for Weak Formulations of Partial Differential Equations},
  year = {2014},
  publisher = {Association for Computing Machinery},
  address = {New York, NY, USA},
  volume = {40},
  number = {2},
  journal = {ACM Trans. Math. Softw.},
  month = {mar},
  articleno = {9},
  numpages = {37},
}

@book{nonlinear_FEM2012,
  title = {Non-Linear Finite Element Analysis of Solids and Structures: Second Edition},
  publisher = {John Wiley \& Sons, Ltd},
  author = {Borst, René and Crisfield, Mike and Remmers, Joris and Verhoosel, Clemens},
  year = {2012},
  month = {07},
}

@article{LoggWells2010,
  title     = {{DOLFIN:} Automated Finite Element Computing},
  author    = {Logg, A. and Wells, G. N.},
  journal   = {{ACM} Transactions on Mathematical Software},
  year      = {2010},
  volume    = {37},
}

@incollection{LoggEtal_10_2012,
  title     = {{DOLFIN:} a {C++/Python} Finite Element Library},
  author    = {Logg, A. and Wells, G. N. and Mardal, {K.-A.}},
  year      = {2012},
  booktitle = {Automated Solution of Differential Equations by the Finite Element Method},
  publisher = {Springer},
  series    = {Lecture Notes in Computational Science and Engineering},
  volume    = {84},
  chapter   = {10},
}

@article{FEniCS2015,
  author    = {Alnaes, M. S. and Blechta, J. and Hake, J. and Johansson, A. and Kehlet, B. and Logg, A. and Richardson, C. and Ring, J. and Rognes, M. E. and Wells, G. N.},
  title     = {The FEniCS Project Version 1.5},
  journal   = {Archive of Numerical Software},
  year      = {2015},
  volume    = {3},
}

@inproceedings{Numba2015,
  author = {Lam, Siu Kwan and Pitrou, Antoine and Seibert, Stanley},
  title = {Numba: A LLVM-Based Python JIT Compiler},
  year = {2015},
  publisher = {Association for Computing Machinery},
  address = {New York, NY, USA},
  booktitle = {Proceedings of the Second Workshop on the LLVM Compiler Infrastructure in HPC},
  articleno = {7},
  numpages = {6},
  keywords = {Python, compiler, LLVM},
  location = {Austin, Texas},
  series = {LLVM '15}
}

@article{diamond2016cvxpy,
  author  = {Steven Diamond and Stephen Boyd},
  title   = {{CVXPY}: {A} {P}ython-embedded modeling language for convex optimization},
  journal = {Journal of Machine Learning Research},
  year    = {2016},
  volume  = {17},
  number  = {83},
  pages   = {1--5},
}

@article{agrawal2018rewriting,
  author  = {Agrawal, Akshay and Verschueren, Robin and Diamond, Steven and Boyd, Stephen},
  title   = {A rewriting system for convex optimization problems},
  journal = {Journal of Control and Decision},
  year    = {2018},
  volume  = {5},
  number  = {1},
  pages   = {42--60},
}

@manual{mosek,
  author = "MOSEK ApS",
  title = "MOSEK Fusion API for Python 9.3.21",
  year = 2019,
  url = "https://docs.mosek.com/9.3/pythonfusion/index.html"
}

@INPROCEEDINGS{Domahidi2013ecos,
  author={Domahidi, A. and Chu, E. and Boyd, S.},
  booktitle={European Control Conference (ECC)},
  title={{ECOS}: {A}n {SOCP} solver for embedded systems},
  year={2013},
  pages={3071-3076}
}

@article{ocpb:16,
  author       = {Brendan O'Donoghue and Eric Chu and Neal Parikh and Stephen Boyd},
  title        = {Conic Optimization via Operator Splitting and Homogeneous Self-Dual Embedding},
  journal      = {Journal of Optimization Theory and Applications},
  month        = {June},
  year         = {2016},
  volume       = {169},
  number       = {3},
  pages        = {1042-1068},
}

@manual{bleyer2018numericaltours,
  title={Numerical Tours of Computational Mechanics with {FE}ni{CS}},
  DOI={10.5281/zenodo.1287832},
  howpublished = {https://comet-fenics.readthedocs.io},
  publisher={Zenodo},
  author={Jeremy Bleyer},
  year={2018}
}

@book{bonnet:hal-01083772,
  TITLE = {{The finite element method in solid mechanics}},
  AUTHOR = {Bonnet, Marc and Frangi, Attilio and Rey, Christian},
  PUBLISHER = {{McGraw Hill Education}},
  PAGES = {365},
  YEAR = {2014},
  HAL_ID = {hal-01083772},
  HAL_VERSION = {v1},
}

@online{convex-plasticity,
  author = {Andrey Latyshev},
  title = {Convex-plasticity},
  year = {2022},
  url = {https://github.com/andrash/convex-plasticity},
  note = {Accessed: 2022-10-19},
}

% @misc{test_custom_assembler,
%   % author = {Andrey Latyshev},
%   title = {Custom assembler test},
%   year = {2022},
%   publisher = {GitHub},
%   journal = {GitHub repository},
%   howpublished = {\url{https://github.com/FEniCS/dolfinx/blob/main/python/test/unit/fem/test_custom_assembler.py}},
% }

#Biblatex:
@online{test_custom_assembler,
  author = {DOLFINx},
  title = {Custom assembler test},
  year = 2022,
  url = {https://github.com/FEniCS/dolfinx/blob/main/python/test/unit/fem/test_custom_assembler.py},
  note = {Accessed: 2022-10-19},
  % urldate = {2022-10-08},
  % organization = {GitHub},
  % language = {english},
}

@techreport{petsc-user-ref,
  author = {Satish Balay and Shrirang Abhyankar and Mark~F. Adams and Steven Benson and Jed Brown
    and Peter Brune and Kris Buschelman and Emil Constantinescu and Lisandro Dalcin and Alp Dener
    and Victor Eijkhout and Jacob Faibussowitsch and William~D. Gropp and V\'{a}clav Hapla and Tobin Isaac and Pierre Jolivet
    and Dmitry Karpeev and Dinesh Kaushik and Matthew~G. Knepley and Fande Kong and Scott Kruger
    and Dave~A. May and Lois Curfman McInnes and Richard Tran Mills and Lawrence Mitchell and Todd Munson
    and Jose~E. Roman and Karl Rupp and Patrick Sanan and Jason Sarich and Barry~F. Smith
    and Stefano Zampini and Hong Zhang and Hong Zhang and Junchao Zhang},
  title       = {{PETSc/TAO} Users Manual},
  institution = {Argonne National Laboratory},
  number      = {ANL-21/39 - Revision 3.18},
  year        = {2022},
}

@ARTICLE{cvxpygen2022,
  author={Schaller, Maximilian and Banjac, Goran and Diamond, Steven and Agrawal, Akshay and Stellato, Bartolomeo and Boyd, Stephen},
  journal={IEEE Control Systems Letters}, 
  title={Embedded Code Generation With CVXPY}, 
  year={2022},
  volume={6},
  pages={2653-2658},
}
